% Data traffic

@inproceedings{network_evolution_2020,
  author    = {E. {Le Rouzic}},
  booktitle = {36th European Conference and Exhibition on Optical Communication},
  title     = {Network evolution and the impact in core networks},
  year      = {2010},
  pages     = {1-8},
  doi       = {10.1109/ECOC.2010.5621240}
}

@article{cisco2011cisco,
  title   = {Cisco Visual Networking Index: Forecast and Methodology, 2010--2015},
  author  = {Cisco, T},
  journal = {Growth Lakeland},
  year    = {2011}
}

@article{cisco2012cisco,
  title   = {Cisco Visual Networking Index: Forecast and Methodology, 2011--2016},
  author  = {Cisco, T},
  journal = {Growth Lakeland},
  year    = {2012}
}

@article{cisco2013cisco,
  title   = {Cisco Visual Networking Index: Forecast and Methodology, 2012--2017},
  author  = {Cisco, T},
  journal = {Growth Lakeland},
  year    = {2013}
}

@article{cisco2014cisco,
  title   = {Cisco Visual Networking Index: Forecast and Methodology, 2013--2018},
  author  = {Cisco, T},
  journal = {Growth Lakeland},
  year    = {2014}
}

@article{cisco2015cisco,
  title   = {Cisco Visual Networking Index: Forecast and Methodology, 2014--2019},
  author  = {Cisco, T},
  journal = {Growth Lakeland},
  year    = {2015}
}

@article{cisco2016cisco,
  title   = {Cisco Visual Networking Index: Forecast and Methodology, 2015--2020},
  author  = {Cisco, T},
  journal = {Growth Lakeland},
  year    = {2016}
}

@article{cisco2017cisco,
  title   = {Cisco Visual Networking Index: Forecast and Methodology, 2016--2021},
  author  = {Cisco, T},
  journal = {Growth Lakeland},
  year    = {2017}
}

@article{cisco2018cisco,
  title   = {Cisco Visual Networking Index: Forecast and Methodology, 2017--2022},
  author  = {Cisco, T},
  journal = {Growth Lakeland},
  year    = {2018}
}

@article{mckeay_2020,
  title   = {The Building Wave of Internet Traffic},
  url     = {https://blogs.akamai.com/sitr/2020/04/the-building-wave-of-internet-traffic.html},
  journal = {Akamai Security Intelligence \& Threat Research Blog},
  author  = {McKeay, Martin},
  year    = {2020},
  month   = {Apr}
}

@article{ericsson_mobility_report_2020,
  title   = {Q2 2020 Update},
  author  = {Ericsson},
  url     = {https://www.ericsson.com/4a4e5d/assets/local/mobility-report/documents/2020/emr-q2-update-03092020.pdf},
  journal = {Ericsson Mobility Report},
  year    = {2020},
  month   = {Sep}
}

% EONs

@article{sharma_eon_overview,
  author  = {Sharma, Deepak and Kumar, Suresh},
  year    = {2017},
  month   = {06},
  pages   = {1643-1649},
  title   = {An Overview of Elastic Optical Networks and its Enabling Technologies},
  volume  = {9},
  journal = {International Journal of Engineering and Technology},
  doi     = {10.21817/ijet/2017/v9i3/170903022}
}

@article{jinno_eon_benefits,
  author  = {M. {Jinno}},
  journal = {Journal of Lightwave Technology},
  title   = {Elastic Optical Networking: Roles and Benefits in Beyond 100-Gb/s Era},
  year    = {2017},
  volume  = {35},
  number  = {5},
  pages   = {1116-1124},
  doi     = {10.1109/JLT.2016.2642480}
}

@article{eon_tutorial_2014,
  author  = {I. {Tomkos} and S. {Azodolmolky} and J. {Solé-Pareta} and D. {Careglio} and E. {Palkopoulou}},
  journal = {Proceedings of the IEEE},
  title   = {A tutorial on the flexible optical networking paradigm: State of the art, trends, and research challenges},
  year    = {2014},
  volume  = {102},
  number  = {9},
  pages   = {1317-1337},
  doi     = {10.1109/JPROC.2014.2324652}
}

@inproceedings{vizcaino_eon_energy,
  author    = {{Jorge López Vizcaíno} and  {Yabin Ye} and I. T. {Monroy}},
  booktitle = {2011 International Conference on the Network of the Future},
  title     = {Energy efficiency in elastic-bandwidth optical networks},
  year      = {2011},
  pages     = {107-111},
  doi       = {10.1109/NOF.2011.6126667}
}

% ONS

% ML

% DL

% DNN

% DNN Libs



@book{jain1991art,
  title     = {The Art of Computer Systems Performance Analysis: Techniques for Experimental Design, Measurement, Simulation, and Modeling},
  author    = {Jain, R.},
  isbn      = {978-0-471-50336-1},
  lccn      = {lc90045479},
  year      = {1991},
  publisher = {Wiley}
}

@article{deeplearning4j,
  title  = {{Deeplearning4j: Open-source distributed deep learning for the JVM, Apache Software Foundation License 2.0.}},
  author = {Eclipse Deeplearning4j Development Team},
  year   = {2016},
  url    = {https://github.com/eclipse/deeplearning4j}
}

@article{opencv,
  author               = {Bradski, G.},
  citeulike-article-id = {2236121},
  journal              = {Dr. Dobb's Journal of Software Tools},
  keywords             = {bibtex-import},
  posted-at            = {2008-01-15 19:21:54},
  priority             = {4},
  title                = {{The OpenCV Library}},
  year                 = {2000},
  url                  = {https://github.com/opencv/opencv}
}

@misc{tensorflow,
  title  = { {TensorFlow}: Large-Scale Machine Learning on Heterogeneous Systems},
  url    = {https://www.tensorflow.org/},
  note   = {Software available from tensorflow.org},
  author = {
    Mart\'{\i}n~Abadi and
    Ashish~Agarwal and
    Paul~Barham and
    Eugene~Brevdo and
    Zhifeng~Chen and
    Craig~Citro and
    Greg~S.~Corrado and
    Andy~Davis and
    Jeffrey~Dean and
    Matthieu~Devin and
    Sanjay~Ghemawat and
    Ian~Goodfellow and
    Andrew~Harp and
    Geoffrey~Irving and
    Michael~Isard and
    Yangqing Jia and
    Rafal~Jozefowicz and
    Lukasz~Kaiser and
    Manjunath~Kudlur and
    Josh~Levenberg and
    Dandelion~Man\'{e} and
    Rajat~Monga and
    Sherry~Moore and
    Derek~Murray and
    Chris~Olah and
    Mike~Schuster and
    Jonathon~Shlens and
    Benoit~Steiner and
    Ilya~Sutskever and
    Kunal~Talwar and
    Paul~Tucker and
    Vincent~Vanhoucke and
    Vijay~Vasudevan and
    Fernanda~Vi\'{e}gas and
    Oriol~Vinyals and
    Pete~Warden and
    Martin~Wattenberg and
    Martin~Wicke and
    Yuan~Yu and
    Xiaoqiang~Zheng},
  year   = {2015}
}

@article{pytorch,
  title     = {PyTorch: An Imperative Style, High-Performance Deep Learning Library},
  author    = {Paszke, Adam and Gross, Sam and Massa, Francisco and Lerer, Adam and Bradbury, James and Chanan, Gregory and Killeen, Trevor and Lin, Zeming and Gimelshein, Natalia and Antiga, Luca and Desmaison, Alban and Kopf, Andreas and Yang, Edward and DeVito, Zachary and Raison, Martin and Tejani, Alykhan and Chilamkurthy, Sasank and Steiner, Benoit and Fang, Lu and Bai, Junjie and Chintala, Soumith},
  booktitle = {Advances in Neural Information Processing Systems 32},
  editor    = {H. Wallach and H. Larochelle and A. Beygelzimer and F. d\textquotesingle Alch\'{e}-Buc and E. Fox and R. Garnett},
  pages     = {8024--8035},
  year      = {2019},
  publisher = {Curran Associates, Inc.},
  url       = {http://papers.neurips.cc/paper/9015-pytorch-an-imperative-style-high-performance-deep-learning-library.pdf}
}

@article{deep_quality_rsa,
  title  = {Deep-Quality-RSA: a deep learning classifier for RSA algorithms in EONs},
  author = {Silva, Guilherme and Drummond, André},
  year   = {2019}
}

@manual{unix,
  title = {unix(7) — Linux man page},
  url   = {https://linux.die.net/man/7/unix}
}

@misc{onnx2019,
  author       = {Bai, Junjie and Lu, Fang and Zhang, Ke and others},
  title        = {ONNX: Open Neural Network Exchange},
  year         = {2019},
  publisher    = {GitHub},
  journal      = {GitHub repository},
  howpublished = {\url{https://github.com/onnx/onnx}},
  commit       = {94d238d96e3fb3a7ba34f03c284b9ad3516163be}
}

 @misc{developer_nation_q1_2017,
  title     = {State of the Developer Nation 12th Edition - Q1 2017},
  url       = {https://www.developereconomics.com/resources/reports/state-of-the-developer-nation-q1-2017},
  journal   = {Developer Economics Community},
  publisher = {Developer Economics},
  author    = {Wilcox, Mark and Schuermans, Stijn and Voskoglou, Christina and Sabolevski, Alexandre},
  year      = {2017},
  month     = {Mar}
} 

@article{costa2016ons,
  title   = {Ons: Simulador de eventos discretos para redes {\'o}pticas wdm/eon},
  author  = {Costa, Lucas R and de Sousa, L{\'e}ia S and de Oliveira, Felipe R and da Silva, Kaio A and J{\'u}nior, Paulo JS and Drummond, Andr{\'e} C},
  journal = {Salão de Ferramentas do Simp{\'o}sio Brasileiro de Redes de Computadores-SBRC},
  year    = {2016}
}

@article{brief_introduction_to_ml,
  author  = {O. {Simeone}},
  journal = {IEEE Transactions on Cognitive Communications and Networking},
  title   = {A Very Brief Introduction to Machine Learning With Applications to Communication Systems},
  year    = {2018},
  volume  = {4},
  number  = {4},
  pages   = {648-664},
  doi     = {10.1109/TCCN.2018.2881442}
}

@inproceedings{eon_ml_application,
  author    = {Q. {Zhuge} and W. {Hu}},
  booktitle = {2018 European Conference on Optical Communication (ECOC)},
  title     = {Application of Machine Learning in Elastic Optical Networks},
  year      = {2018},
  volume    = {},
  number    = {},
  pages     = {1-3},
  doi       = {10.1109/ECOC.2018.8535565}
}

@book{mitchell1997ml,
  author    = {Mitchell, Thomas M.},
  title     = {Machine Learning},
  year      = {1997},
  isbn      = {0070428077},
  publisher = {McGraw-Hill, Inc.},
  address   = {USA},
  edition   = {1},
  abstract  = {This exciting addition to the McGraw-Hill Series in Computer Science focuses on the concepts and techniques that contribute to the rapidly changing field of machine learning--including probability and statistics, artificial intelligence, and neural networks--unifying them all in a logical and coherent manner. Machine Learning serves as a useful reference tool for software developers and researchers, as well as an outstanding text for college students. Table of contents Chapter 1. Introduction Chapter 2. Concept Learning and the General-to-Specific Ordering Chapter 3. Decision Tree Learning Chapter 4. Artificial Neural Networks Chapter 5. Evaluating Hypotheses Chapter 6. Bayesian Learning Chapter 7. Computational Learning Theory Chapter 8. Instance-Based Learning Chapter 9. Inductive Logic Programming Chapter 10. Analytical Learning Chapter 11. Combining Inductive and Analytical Learning Chapter 12. Reinforcement Learning.}
}
@book{bishop2006pattern,
  title     = {Pattern Recognition and Machine Learning},
  author    = {Bishop, C.M.},
  isbn      = {9780387310732},
  lccn      = {2006922522},
  series    = {Information Science and Statistics},
  url       = {https://books.google.com.br/books?id=qWPwnQEACAAJ},
  year      = {2006},
  publisher = {Springer}
}

@book{alpaydin2020introduction,
  title     = {Introduction to Machine Learning},
  author    = {Alpaydin, E.},
  isbn      = {9780262043793},
  lccn      = {2019028373},
  series    = {Adaptive Computation and Machine Learning series},
  url       = {https://books.google.com.br/books?id=tZnSDwAAQBAJ},
  year      = {2020},
  publisher = {MIT Press}
}

@article{reinsel_gantz_rydning_2018,
  title   = {The Digitization of the World - From Edge to Core},
  url     = {https://www.seagate.com/files/www-content/our-story/trends/files/dataage-idc-report-final.pdf},
  journal = {Data Age 2025},
  author  = {Reinsel, David and Gantz, John and Rydning, John},
  year    = {2018},
  month   = {Oct}
}

@article{dantaschallenges2014,
  author  = {Dantas, Joana and Careglio, Davide and Perelló, Jordi and Silveira, Regina and Ruggiero, W.V. and Solé-Pareta, Josep},
  year    = {2014},
  month   = {10},
  pages   = {156–171},
  title   = {Challenges and requirements of a control plane for elastic optical networks},
  volume  = {72},
  journal = {Computer Networks},
  doi     = {10.1016/j.comnet.2014.07.007}
}

@article{deeprmsa,
  author  = {X. {Chen} and B. {Li} and R. {Proietti} and H. {Lu} and Z. {Zhu} and S. J. B. {Yoo}},
  journal = {Journal of Lightwave Technology},
  title   = {DeepRMSA: A Deep Reinforcement Learning Framework for Routing, Modulation and Spectrum Assignment in Elastic Optical Networks},
  year    = {2019},
  volume  = {37},
  number  = {16},
  pages   = {4155-4163},
  doi     = {10.1109/JLT.2019.2923615}
}

@article{chehab_2019,
  title  = {Uma análise dos algoritmos do simulador ONS},
  author = {Chehab, Rafael Lourenço de Lima},
  year   = {2019},
  month  = {Jul}
}